@book{Subrahmanian2015,
address = {Cham},
author = {Subrahmanian, V.S. and Ovelgonne, Michael and Dumitras, Tudor and Prakash, Aditya},
doi = {10.1007/978-3-319-25760-0},
file = {:media/korakoch/REF/Reference/Computing/PDF/the global cyber-vulnerability report.pdf:pdf},
isbn = {978-3-319-25758-7},
mendeley-groups = {Textbooks},
publisher = {Springer International Publishing},
series = {Terrorism, Security, and Computation},
title = {{The Global Cyber-Vulnerability Report}},
year = {2015}
}

@book{Tobergte2013,
author = {Carr, Jeffery},
edition = {2nd},
file = {:media/korakoch/REF/Reference/Computing/PDF/inside cyber warfare 2nd edition.pdf:pdf},
isbn = {978-1-449-31004-2},
mendeley-groups = {Textbooks},
pmid = {25246403},
publisher = {O'Reilly Media, Inc.},
title = {{Inside Cyber Warfare}},
year = {2013}
}


@book{Andress2014,
author = {Andress, Jason and Winterfeld, Steve},
doi = {10.1016/B978-0-12-416672-1.09988-8},
file = {:media/korakoch/REF/Reference/Computing/PDF/cyber warfare - techniques,tactics and tools for security practitioners.pdf:pdf},
isbn = {9780127610504},
mendeley-groups = {Textbooks},
pages = {xiii--xvii},
publisher = {Elsevier},
title = {{Cyber Warfare - Techniques, Tactics, and Tools for Security Practitioners 2nd edition}},
year = {2014}
}


@book{Friedman2014,
author = {{Singer, P.w, Friedman}, Allan},
booktitle = {Oxford Univerisity Press},
file = {:media/korakoch/REF/Reference/Computing/PDF/cybersecurity and cyberwar.pdf:pdf},
isbn = {978–0–19–991809–6},
mendeley-groups = {Textbooks},
number = {1},
pages = {1--5},
title = {{Cybersecurity and Cyberwar - What everyone needs to know}},
year = {2014}
}

@book{Libicki2009,
address = {Arlington, VA},
author = {Libicki, Martin C},
file = {:media/korakoch/REF/Reference/Computing/PDF/cyberdeterrence and cyberwar.pdf:pdf},
isbn = {978-0-8330-4734-2},
mendeley-groups = {Textbooks},
publisher = {RAND PROJECT AIR FORCE},
title = {{Cyberdeterrence and Cyberwar}},
year = {2009}
}

